@misc{kapishnikov2021guidedGIG,
      title={Guided Integrated Gradients: An Adaptive Path Method for Removing Noise}, 
      author={Andrei Kapishnikov and Subhashini Venugopalan and Besim Avci and Ben Wedin and Michael Terry and Tolga Bolukbasi},
      year={2021},
      eprint={2106.09788},
      archivePrefix={arXiv},
      primaryClass={id='cs.CV' full_name='Computer Vision and Pattern Recognition' is_active=True alt_name=None in_archive='cs' is_general=False description='Covers image processing, computer vision, pattern recognition, and scene understanding. Roughly includes material in ACM Subject Classes I.2.10, I.4, and I.5.'}
}

@misc{springenberg2015strivingGuidedBackprop,
      title={Striving for Simplicity: The All Convolutional Net}, 
      author={Jost Tobias Springenberg and Alexey Dosovitskiy and Thomas Brox and Martin Riedmiller},
      year={2015},
      eprint={1412.6806},
      archivePrefix={arXiv},
      primaryClass={id='cs.LG' full_name='Machine Learning' is_active=True alt_name=None in_archive='cs' is_general=False description='Papers on all aspects of machine learning research (supervised, unsupervised, reinforcement learning, bandit problems, and so on) including also robustness, explanation, fairness, and methodology. cs.LG is also an appropriate primary category for applications of machine learning methods.'}
}

@inproceedings{zhou2016CAM,
  title={Learning deep features for discriminative localization},
  author={Zhou, Bolei and Khosla, Aditya and Lapedriza, Agata and Oliva, Aude and Torralba, Antonio},
  booktitle={Proceedings of the IEEE conference on computer vision and pattern recognition},
  pages={2921--2929},
  year={2016}
}

@inproceedings{selvaraju2017GradCAM,
  title={Grad-cam: Visual explanations from deep networks via gradient-based localization},
  author={Selvaraju, Ramprasaath R and Cogswell, Michael and Das, Abhishek and Vedantam, Ramakrishna and Parikh, Devi and Batra, Dhruv},
  booktitle={Proceedings of the IEEE international conference on computer vision},
  pages={618--626},
  year={2017}
}

@article{montavon2019layerLRP,
  title={Layer-wise relevance propagation: an overview},
  author={Montavon, Gr{\'e}goire and Binder, Alexander and Lapuschkin, Sebastian and Samek, Wojciech and M{\"u}ller, Klaus-Robert},
  journal={Explainable AI: interpreting, explaining and visualizing deep learning},
  pages={193--209},
  year={2019},
  publisher={Springer}
}

@article{smilkov2017smoothgradIG,
  title={Smoothgrad: removing noise by adding noise},
  author={Smilkov, Daniel and Thorat, Nikhil and Kim, Been and Vi{\'e}gas, Fernanda and Wattenberg, Martin},
  journal={arXiv preprint arXiv:1706.03825},
  year={2017}
}

@misc{miglani2020investigatingIG,
      title={Investigating Saturation Effects in Integrated Gradients}, 
      author={Vivek Miglani and Narine Kokhlikyan and Bilal Alsallakh and Miguel Martin and Orion Reblitz-Richardson},
      year={2020},
      eprint={2010.12697},
      archivePrefix={arXiv},
      primaryClass={id='cs.CV' full_name='Computer Vision and Pattern Recognition' is_active=True alt_name=None in_archive='cs' is_general=False description='Covers image processing, computer vision, pattern recognition, and scene understanding. Roughly includes material in ACM Subject Classes I.2.10, I.4, and I.5.'}
}

@misc{sundararajan2017axiomaticIG,
      title={Axiomatic Attribution for Deep Networks}, 
      author={Mukund Sundararajan and Ankur Taly and Qiqi Yan},
      year={2017},
      eprint={1703.01365},
      archivePrefix={arXiv},
      primaryClass={id='cs.LG' full_name='Machine Learning' is_active=True alt_name=None in_archive='cs' is_general=False description='Papers on all aspects of machine learning research (supervised, unsupervised, reinforcement learning, bandit problems, and so on) including also robustness, explanation, fairness, and methodology. cs.LG is also an appropriate primary category for applications of machine learning methods.'}
}

@misc{syed2023attributionAtP,
      title={Attribution Patching Outperforms Automated Circuit Discovery}, 
      author={Aaquib Syed and Can Rager and Arthur Conmy},
      year={2023},
      eprint={2310.10348},
      archivePrefix={arXiv},
      primaryClass={id='cs.LG' full_name='Machine Learning' is_active=True alt_name=None in_archive='cs' is_general=False description='Papers on all aspects of machine learning research (supervised, unsupervised, reinforcement learning, bandit problems, and so on) including also robustness, explanation, fairness, and methodology. cs.LG is also an appropriate primary category for applications of machine learning methods.'}
}

@article{olah2020zoomCircuits,
  title={Zoom in: An introduction to circuits},
  author={Olah, Chris and Cammarata, Nick and Schubert, Ludwig and Goh, Gabriel and Petrov, Michael and Carter, Shan},
  journal={Distill},
  volume={5},
  number={3},
  pages={e00024--001},
  year={2020}
}

@misc{marks2024sparseCircuits,
      title={Sparse Feature Circuits: Discovering and Editing Interpretable Causal Graphs in Language Models}, 
      author={Samuel Marks and Can Rager and Eric J. Michaud and Yonatan Belinkov and David Bau and Aaron Mueller},
      year={2024},
      eprint={2403.19647},
      archivePrefix={arXiv},
      primaryClass={id='cs.LG' full_name='Machine Learning' is_active=True alt_name=None in_archive='cs' is_general=False description='Papers on all aspects of machine learning research (supervised, unsupervised, reinforcement learning, bandit problems, and so on) including also robustness, explanation, fairness, and methodology. cs.LG is also an appropriate primary category for applications of machine learning methods.'}
}

@misc{syed2023attributionCircuits,
      title={Attribution Patching Outperforms Automated Circuit Discovery}, 
      author={Aaquib Syed and Can Rager and Arthur Conmy},
      year={2023},
      eprint={2310.10348},
      archivePrefix={arXiv},
      primaryClass={id='cs.LG' full_name='Machine Learning' is_active=True alt_name=None in_archive='cs' is_general=False description='Papers on all aspects of machine learning research (supervised, unsupervised, reinforcement learning, bandit problems, and so on) including also robustness, explanation, fairness, and methodology. cs.LG is also an appropriate primary category for applications of machine learning methods.'}
}

@misc{wang2022interpretabilityCircuits,
      title={Interpretability in the Wild: a Circuit for Indirect Object Identification in GPT-2 small}, 
      author={Kevin Wang and Alexandre Variengien and Arthur Conmy and Buck Shlegeris and Jacob Steinhardt},
      year={2022},
      eprint={2211.00593},
      archivePrefix={arXiv},
      primaryClass={id='cs.LG' full_name='Machine Learning' is_active=True alt_name=None in_archive='cs' is_general=False description='Papers on all aspects of machine learning research (supervised, unsupervised, reinforcement learning, bandit problems, and so on) including also robustness, explanation, fairness, and methodology. cs.LG is also an appropriate primary category for applications of machine learning methods.'}
}

@misc{ferrando2024informationCircuits,
      title={Information Flow Routes: Automatically Interpreting Language Models at Scale}, 
      author={Javier Ferrando and Elena Voita},
      year={2024},
      eprint={2403.00824},
      archivePrefix={arXiv},
      primaryClass={id='cs.CL' full_name='Computation and Language' is_active=True alt_name='cmp-lg' in_archive='cs' is_general=False description='Covers natural language processing. Roughly includes material in ACM Subject Class I.2.7. Note that work on artificial languages (programming languages, logics, formal systems) that does not explicitly address natural-language issues broadly construed (natural-language processing, computational linguistics, speech, text retrieval, etc.) is not appropriate for this area.'}
}

@misc{conmy2023automatedACDCCircuits,
      title={Towards Automated Circuit Discovery for Mechanistic Interpretability}, 
      author={Arthur Conmy and Augustine N. Mavor-Parker and Aengus Lynch and Stefan Heimersheim and Adri√† Garriga-Alonso},
      year={2023},
      eprint={2304.14997},
      archivePrefix={arXiv},
      primaryClass={id='cs.LG' full_name='Machine Learning' is_active=True alt_name=None in_archive='cs' is_general=False description='Papers on all aspects of machine learning research (supervised, unsupervised, reinforcement learning, bandit problems, and so on) including also robustness, explanation, fairness, and methodology. cs.LG is also an appropriate primary category for applications of machine learning methods.'}
}

@misc{he2024dictionaryCircuits,
      title={Dictionary Learning Improves Patch-Free Circuit Discovery in Mechanistic Interpretability: A Case Study on Othello-GPT}, 
      author={Zhengfu He and Xuyang Ge and Qiong Tang and Tianxiang Sun and Qinyuan Cheng and Xipeng Qiu},
      year={2024},
      eprint={2402.12201},
      archivePrefix={arXiv},
      primaryClass={id='cs.LG' full_name='Machine Learning' is_active=True alt_name=None in_archive='cs' is_general=False description='Papers on all aspects of machine learning research (supervised, unsupervised, reinforcement learning, bandit problems, and so on) including also robustness, explanation, fairness, and methodology. cs.LG is also an appropriate primary category for applications of machine learning methods.'}
}

@article{park2023linear,
  title={The linear representation hypothesis and the geometry of large language models},
  author={Park, Kiho and Choe, Yo Joong and Veitch, Victor},
  journal={arXiv preprint arXiv:2311.03658},
  year={2023}
}

@misc{turner2024activationSteering,
      title={Activation Addition: Steering Language Models Without Optimization}, 
      author={Alexander Matt Turner and Lisa Thiergart and Gavin Leech and David Udell and Juan J. Vazquez and Ulisse Mini and Monte MacDiarmid},
      year={2024},
      eprint={2308.10248},
      archivePrefix={arXiv},
      primaryClass={id='cs.CL' full_name='Computation and Language' is_active=True alt_name='cmp-lg' in_archive='cs' is_general=False description='Covers natural language processing. Roughly includes material in ACM Subject Class I.2.7. Note that work on artificial languages (programming languages, logics, formal systems) that does not explicitly address natural-language issues broadly construed (natural-language processing, computational linguistics, speech, text retrieval, etc.) is not appropriate for this area.'}
}

@misc{merullo2024languageSteering,
      title={Language Models Implement Simple Word2Vec-style Vector Arithmetic}, 
      author={Jack Merullo and Carsten Eickhoff and Ellie Pavlick},
      year={2024},
      eprint={2305.16130},
      archivePrefix={arXiv},
      primaryClass={id='cs.CL' full_name='Computation and Language' is_active=True alt_name='cmp-lg' in_archive='cs' is_general=False description='Covers natural language processing. Roughly includes material in ACM Subject Class I.2.7. Note that work on artificial languages (programming languages, logics, formal systems) that does not explicitly address natural-language issues broadly construed (natural-language processing, computational linguistics, speech, text retrieval, etc.) is not appropriate for this area.'}
}

@inproceedings{trager2023linearSteering,
  title={Linear spaces of meanings: compositional structures in vision-language models},
  author={Trager, Matthew and Perera, Pramuditha and Zancato, Luca and Achille, Alessandro and Bhatia, Parminder and Soatto, Stefano},
  booktitle={Proceedings of the IEEE/CVF International Conference on Computer Vision},
  pages={15395--15404},
  year={2023}
}

@misc{wang2024conceptSteering,
      title={Concept Algebra for (Score-Based) Text-Controlled Generative Models}, 
      author={Zihao Wang and Lin Gui and Jeffrey Negrea and Victor Veitch},
      year={2024},
      eprint={2302.03693},
      archivePrefix={arXiv},
      primaryClass={id='cs.CL' full_name='Computation and Language' is_active=True alt_name='cmp-lg' in_archive='cs' is_general=False description='Covers natural language processing. Roughly includes material in ACM Subject Class I.2.7. Note that work on artificial languages (programming languages, logics, formal systems) that does not explicitly address natural-language issues broadly construed (natural-language processing, computational linguistics, speech, text retrieval, etc.) is not appropriate for this area.'}
}

@inproceedings{pennington2014glove,
  title={Glove: Global vectors for word representation},
  author={Pennington, Jeffrey and Socher, Richard and Manning, Christopher D},
  booktitle={Proceedings of the 2014 conference on empirical methods in natural language processing (EMNLP)},
  pages={1532--1543},
  year={2014}
}

@inproceedings{NIPS2013_9aa42b31,
 author = {Mikolov, Tomas and Sutskever, Ilya and Chen, Kai and Corrado, Greg S and Dean, Jeff},
 booktitle = {Advances in Neural Information Processing Systems},
 editor = {C.J. Burges and L. Bottou and M. Welling and Z. Ghahramani and K.Q. Weinberger},
 pages = {},
 publisher = {Curran Associates, Inc.},
 title = {Distributed Representations of Words and Phrases and their Compositionality},
 url = {https://proceedings.neurips.cc/paper_files/paper/2013/file/9aa42b31882ec039965f3c4923ce901b-Paper.pdf},
 volume = {26},
 year = {2013}
}

@misc{nanda2023emergent,
      title={Emergent Linear Representations in World Models of Self-Supervised Sequence Models}, 
      author={Neel Nanda and Andrew Lee and Martin Wattenberg},
      year={2023},
      eprint={2309.00941},
      archivePrefix={arXiv},
      primaryClass={id='cs.LG' full_name='Machine Learning' is_active=True alt_name=None in_archive='cs' is_general=False description='Papers on all aspects of machine learning research (supervised, unsupervised, reinforcement learning, bandit problems, and so on) including also robustness, explanation, fairness, and methodology. cs.LG is also an appropriate primary category for applications of machine learning methods.'}
}

@misc{gurnee2024language,
      title={Language Models Represent Space and Time}, 
      author={Wes Gurnee and Max Tegmark},
      year={2024},
      eprint={2310.02207},
      archivePrefix={arXiv},
      primaryClass={id='cs.LG' full_name='Machine Learning' is_active=True alt_name=None in_archive='cs' is_general=False description='Papers on all aspects of machine learning research (supervised, unsupervised, reinforcement learning, bandit problems, and so on) including also robustness, explanation, fairness, and methodology. cs.LG is also an appropriate primary category for applications of machine learning methods.'}
}

@article{ng2011sparse,
  title={Sparse autoencoder},
  author={Ng, Andrew and others},
  journal={CS294A Lecture notes},
  volume={72},
  number={2011},
  pages={1--19},
  year={2011}
}

@misc{cunningham2023sparse,
      title={Sparse Autoencoders Find Highly Interpretable Features in Language Models}, 
      author={Hoagy Cunningham and Aidan Ewart and Logan Riggs and Robert Huben and Lee Sharkey},
      year={2023},
      eprint={2309.08600},
      archivePrefix={arXiv},
      primaryClass={id='cs.LG' full_name='Machine Learning' is_active=True alt_name=None in_archive='cs' is_general=False description='Papers on all aspects of machine learning research (supervised, unsupervised, reinforcement learning, bandit problems, and so on) including also robustness, explanation, fairness, and methodology. cs.LG is also an appropriate primary category for applications of machine learning methods.'}
}

@article{gao2024scaling,
  title={Scaling and evaluating sparse autoencoders},
  author={Gao, Leo and la Tour, Tom Dupr{\'e} and Tillman, Henk and Goh, Gabriel and Troll, Rajan and Radford, Alec and Sutskever, Ilya and Leike, Jan and Wu, Jeffrey},
  journal={arXiv preprint arXiv:2406.04093},
  year={2024}
}

@misc{bushnaq2024using,
      title={Using Degeneracy in the Loss Landscape for Mechanistic Interpretability}, 
      author={Lucius Bushnaq and Jake Mendel and Stefan Heimersheim and Dan Braun and Nicholas Goldowsky-Dill and Kaarel H√§nni and Cindy Wu and Marius Hobbhahn},
      year={2024},
      eprint={2405.10927},
      archivePrefix={arXiv},
      primaryClass={id='cs.LG' full_name='Machine Learning' is_active=True alt_name=None in_archive='cs' is_general=False description='Papers on all aspects of machine learning research (supervised, unsupervised, reinforcement learning, bandit problems, and so on) including also robustness, explanation, fairness, and methodology. cs.LG is also an appropriate primary category for applications of machine learning methods.'}
}

@misc{rajamanoharan2024improving,
      title={Improving Dictionary Learning with Gated Sparse Autoencoders}, 
      author={Senthooran Rajamanoharan and Arthur Conmy and Lewis Smith and Tom Lieberum and Vikrant Varma and J√°nos Kram√°r and Rohin Shah and Neel Nanda},
      year={2024},
      eprint={2404.16014},
      archivePrefix={arXiv},
      primaryClass={id='cs.LG' full_name='Machine Learning' is_active=True alt_name=None in_archive='cs' is_general=False description='Papers on all aspects of machine learning research (supervised, unsupervised, reinforcement learning, bandit problems, and so on) including also robustness, explanation, fairness, and methodology. cs.LG is also an appropriate primary category for applications of machine learning methods.'}
}

@misc{filan2021clusterability,
      title={Clusterability in Neural Networks}, 
      author={Daniel Filan and Stephen Casper and Shlomi Hod and Cody Wild and Andrew Critch and Stuart Russell},
      year={2021},
      eprint={2103.03386},
      archivePrefix={arXiv},
      primaryClass={id='cs.NE' full_name='Neural and Evolutionary Computing' is_active=True alt_name=None in_archive='cs' is_general=False description='Covers neural networks, connectionism, genetic algorithms, artificial life, adaptive behavior. Roughly includes some material in ACM Subject Class C.1.3, I.2.6, I.5.'}
}

@inproceedings{lu2019checking,
  title={Checking Functional Modularity in DNN By Biclustering Task-specific Hidden Neurons},
  author={Lu, Jialin and Ester, Martin},
  booktitle={Real Neurons $\{$$\backslash$\&$\}$ Hidden Units: Future directions at the intersection of neuroscience and artificial intelligence@ NeurIPS 2019},
  year={2019}
}

@misc{oneill2024sparse,
      title={Sparse Autoencoders Enable Scalable and Reliable Circuit Identification in Language Models}, 
      author={Charles O'Neill and Thang Bui},
      year={2024},
      eprint={2405.12522},
      archivePrefix={arXiv},
      primaryClass={id='cs.CL' full_name='Computation and Language' is_active=True alt_name='cmp-lg' in_archive='cs' is_general=False description='Covers natural language processing. Roughly includes material in ACM Subject Class I.2.7. Note that work on artificial languages (programming languages, logics, formal systems) that does not explicitly address natural-language issues broadly construed (natural-language processing, computational linguistics, speech, text retrieval, etc.) is not appropriate for this area.'}
}

@misc{merullo2024talking,
      title={Talking Heads: Understanding Inter-layer Communication in Transformer Language Models}, 
      author={Jack Merullo and Carsten Eickhoff and Ellie Pavlick},
      year={2024},
      eprint={2406.09519},
      archivePrefix={arXiv},
      primaryClass={id='cs.CL' full_name='Computation and Language' is_active=True alt_name='cmp-lg' in_archive='cs' is_general=False description='Covers natural language processing. Roughly includes material in ACM Subject Class I.2.7. Note that work on artificial languages (programming languages, logics, formal systems) that does not explicitly address natural-language issues broadly construed (natural-language processing, computational linguistics, speech, text retrieval, etc.) is not appropriate for this area.'}
}